@ARTICLE{Takahashi2010,
   author = {{Takahashi}, Y.~D. and {Ade}, P.~A.~R. and {Barkats}, D. and 
	{Battle}, J.~O. and {Bierman}, E.~M. and {Bock}, J.~J. and {Chiang}, H.~C. and 
	{Dowell}, C.~D. and {Duband}, L. and {Hivon}, E.~F. and {Holzapfel}, W.~L. and 
	{Hristov}, V.~V. and {Jones}, W.~C. and {Keating}, B.~G. and 
	{Kovac}, J.~M. and {Kuo}, C.~L. and {Lange}, A.~E. and {Leitch}, E.~M. and 
	{Mason}, P.~V. and {Matsumura}, T. and {Nguyen}, H.~T. and {Ponthieu}, N. and 
	{Pryke}, C. and {Richter}, S. and {Rocha}, G. and {Yoon}, K.~W.
	},
    title = "{Characterization of the BICEP Telescope for High-precision Cosmic Microwave Background Polarimetry}",
  journal = {\apj},
archivePrefix = "arXiv",
   eprint = {0906.4069},
 primaryClass = "astro-ph.CO",
 keywords = {cosmic background radiation, cosmology: observations, gravitational waves, inflation, instrumentation: polarimeters, telescopes},
     year = 2010,
    month = mar,
   volume = 711,
    pages = {1141-1156},
      doi = {10.1088/0004-637X/711/2/1141},
   adsurl = {http://adsabs.harvard.edu/abs/2010ApJ...711.1141T},
  adsnote = {Provided by the SAO/NASA Astrophysics Data System}
}


@ARTICLE{Souradeep2001,
   author = {{Souradeep}, T. and {Ratra}, B.},
    title = "{Window Function for Noncircular Beam Cosmic Microwave Background Anisotropy Experiment}",
  journal = {\apj},
   eprint = {arXiv:astro-ph/0105270},
 keywords = {Cosmology: Cosmic Microwave Background, Cosmology: Theory, Methods: Analytical, Methods: Data Analysis},
     year = 2001,
    month = oct,
   volume = 560,
    pages = {28-40},
      doi = {10.1086/322425},
   adsurl = {http://adsabs.harvard.edu/abs/2001ApJ...560...28S},
  adsnote = {Provided by the SAO/NASA Astrophysics Data System}
}

@ARTICLE{2013ApJ...762L..23K,
   author = {{Keating}, B.~G. and {Shimon}, M. and {Yadav}, A.~P.~S.},
    title = "{Self-calibration of Cosmic Microwave Background Polarization Experiments}",
  journal = {\apjl},
archivePrefix = "arXiv",
   eprint = {1211.5734},
 primaryClass = "astro-ph.CO",
 keywords = {cosmic background radiation, instrumentation: polarimeters },
     year = 2013,
    month = jan,
   volume = 762,
      eid = {L23},
    pages = {L23},
      doi = {10.1088/2041-8205/762/2/L23},
   adsurl = {http://adsabs.harvard.edu/abs/2013ApJ...762L..23K},
  adsnote = {Provided by the SAO/NASA Astrophysics Data System}
}

@ARTICLE{2016arXiv160701825K,
   author = {{Koopman}, B. and {Austermann}, J. and {Cho}, H.-M. and {Coughlin}, K.~P. and 
    {Duff}, S.~M. and {Gallardo}, P.~A. and {Hasselfield}, M. and 
    {Henderson}, S.~W. and {Ho}, S.-P.~P. and {Hubmayr}, J. and 
    {Irwin}, K.~D. and {Li}, D. and {McMahon}, J. and {Nati}, F. and 
    {Niemack}, M.~D. and {Newburgh}, L. and {Page}, L.~A. and {Salatino}, M. and 
    {Schillaci}, A. and {Schmitt}, B.~L. and {Simon}, S.~M. and 
    {Vavagiakis}, E.~M. and {Ward}, J.~T. and {Wollack}, E.~J.},
    title = "{Optical modeling and polarization calibration for CMB measurements with ACTPol and Advanced ACTPol}",
  journal = {ArXiv e-prints},
archivePrefix = "arXiv",
   eprint = {1607.01825},
 primaryClass = "astro-ph.IM",
 keywords = {Astrophysics - Instrumentation and Methods for Astrophysics, Astrophysics - Cosmology and Nongalactic Astrophysics},
     year = 2016,
    month = jul,
   adsurl = {http://adsabs.harvard.edu/abs/2016arXiv160701825K},
  adsnote = {Provided by the SAO/NASA Astrophysics Data System}
}

@article{doi:10.1142/S0218271816400125,
author = {de Bernardis, Paolo and Masi, Silvia},
title = {Cosmic microwave background and cosmic polarization rotation: An experimentalist view},
journal = {International Journal of Modern Physics D},
volume = {25},
number = {11},
pages = {1640012},
year = {2016},
doi = {10.1142/S0218271816400125},

URL = {http://www.worldscientific.com/doi/abs/10.1142/S0218271816400125},
eprint = {http://www.worldscientific.com/doi/pdf/10.1142/S0218271816400125}
}

@ARTICLE{2016MNRAS.455.1981K,
   author = {{Kaufman}, J.~P. and {Keating}, B.~G. and {Johnson}, B.~R.},
    title = "{Precision tests of parity violation over cosmological distances}",
  journal = {\mnras},
archivePrefix = "arXiv",
   eprint = {1409.8242},
 keywords = {polarization, instrumentation: polarimeters, cosmology: observations, cosmology: theory},
     year = 2016,
    month = jan,
   volume = 455,
    pages = {1981-1988},
      doi = {10.1093/mnras/stv2348},
   adsurl = {http://adsabs.harvard.edu/abs/2016MNRAS.455.1981K},
  adsnote = {Provided by the SAO/NASA Astrophysics Data System}
}

@ARTICLE{rosset2010,
	author = {{Rosset, C.} and {Tristram, M.} and {Ponthieu, N.} and {Ade, P.} and {Aumont, J.} and {Catalano, A.} and {Conversi, L.} and {Couchot, F.} and {Crill, B. P.} and {D\'esert, F.-X.} and {Ganga, K.} and {Giard, M.} and {Giraud-H\'eraud, Y.} and {Ha\"issinski, J.} and {Henrot-Versill\'e, S.} and {Holmes, W.} and {Jones, W. C.} and {Lamarre, J.-M.} and {Lange, A.} and {Leroy, C.} and {Mac\'ias-P\'erez, J.} and {Maffei, B.} and {de Marcillac, P.} and {Miville-Desch\^enes, M.-A.} and {Montier, L.} and {Noviello, F.} and {Pajot, F.} and {Perdereau, O.} and {Piacentini, F.} and {Piat, M.} and {Plaszczynski, S.} and {Pointecouteau, E.} and {Puget, J.-L.} and {Ristorcelli, I.} and {Savini, G.} and {Sudiwala, R.} and {Veneziani, M.} and {Yvon, D.}},
	title = {Planck pre-launch status: High Frequency Instrument polarization calibration},
	DOI= {10.1051/0004-6361/200913054},
	url= {http://dx.doi.org/10.1051/0004-6361/200913054},
	journal = {A\&A},
	year = 2010,
	volume = 520,
	pages = "A13",
	month = "",
}

@ARTICLE{ABS_HWP,
   author = {{Kusaka}, A. and {Essinger-Hileman}, T. and {Appel}, J.~W. and 
	{Gallardo}, P. and {Irwin}, K.~D. and {Jarosik}, N. and {Nolta}, M.~R. and 
	{Page}, L.~A. and {Parker}, L.~P. and {Raghunathan}, S. and 
	{Sievers}, J.~L. and {Simon}, S.~M. and {Staggs}, S.~T. and 
	{Visnjic}, K.},
    title = "{Modulation of cosmic microwave background polarization with a warm rapidly rotating half-wave plate on the Atacama B-Mode Search instrument}",
  journal = {Review of Scientific Instruments},
     year = 2014,
    month = feb,
   volume = 85,
   number = 2,
      eid = {024501},
    pages = {024501},
      doi = {10.1063/1.4862058},
   adsurl = {http://adsabs.harvard.edu/abs/2014RScI...85b4501K},
  adsnote = {Provided by the SAO/NASA Astrophysics Data System}
}

@article{Simon_Thesis_2016,
  author = {Simon, S.~M.},
   title = "{Cosmic Microwave Background Polarimetry with ABS and ACT: Instrumental Design, Characterization, and Analysis}",
   journal = {Ph.D.~Thesis, Princeton University},
    year = 2016,
  url = {https://www.princeton.edu/physics/graduate-program/theses/Thesis_Simon_8_8_2016.pdf}
}

